@article{warp2015,
  title={Algorithmic choices in WARP--A framework for continuous energy Monte Carlo neutron transport in general 3D geometries on GPUs},
  author={Bergmann, Ryan M. and Vuji{\'c}, Jasmina L.},
  journal={Annals of Nuclear Energy},
  volume={77},
  pages={176--193},
  year={2015},
  publisher={Elsevier}
}

@online{ornl,
author={Oak Ridge Leadership Computing Facility},
title={CAAR: Call for Proposals},
year={2014},
url={https://www.olcf.ornl.gov/summit/caar-call-for-proposals/}
}

@online{llnl,
author={Lawence Livermore National Laboratory},
title={Sierra Advanced Technology System},
url={http://computation.llnl.gov/computers/sierra-advanced-technology-system}
}

@online{top500,
author={TOP500.org},
title={November 2014},
year={2014},
url={http://www.top500.org/lists/2014/11/}
}

@manual{mcnp,
	address = "Los Alamos, NM",
	author = "X-5 Monte Carlo Team",
	edition = "Volume I: Overview and Theory",
	month = "April 24",
	year = 2003,
	note = " (Revised 2/1/2008)",
	organization = "Los Alamos National Laboratory,",
	title = "MCNP - A General Monte Carlo N-Particle Transport Code, Version 5"
}

@techreport{serp_man,
  title={Serpent User Manual},
  author={Lepp{\"a}nen, J},
  year={2014},
  institution={retrieved 15/03}
}

@online{mcnp_nogpu,
author={Los Alamos National Laboratory},
title={MCNP - Frequently Asked Qustions},
year={2014},
url={https://laws.lanl.gov/vhosts/mcnp.lanl.gov/mcnp_faq.shtml}
}

@manual{optix_man,
	title =	"OptiX Programming Guide",
	organization =	"NVIDIA Co",
	edition =	"v3.0",
	address =	"Santa Clara, CA",
	year =		"Nov. 2012"
}

@article{serp_delta,
author = {Lepp\"{a}nen, Jaakko},
doi = {10.1016/j.anucene.2010.01.011},
file = {:home/krowland/research/1-s2.0-S0306454910000320-main.pdf:pdf},
issn = {03064549},
journal = {Annals of Nuclear Energy},
pages = {715--722},
title = {{Performance of Woodcock delta-tracking in lattice physics applications using the Serpent Monte Carlo reactor physics burnup calculation code}},
volume = {37},
year = {2010}
}

@inproceedings{wc,
  title={Techniques used in the GEM code for Monte Carlo neutronics calculations in reactors and other systems of complex geometry},
  author={Woodcock, E and Murphy, T and Hemmings, P and Longworth, S},
  booktitle={Proc. Conf. Applications of Computing Methods to Reactor Problems},
  volume={557},
  year={1965}
}

@techreport{rcp01,
author = {L.A. Ondis II and L.J. Tyburski and B.S. Moskowitz},
title = {RCP01 - A Monte Carlo Program for Solving Neutron and Photon Transport Problems in Three Dimensional Geometry with Detailed Energy Description and Depletion Capability},
year = {2000}
}

@techreport{racer,
author = {T.M. Sutton and F.B. Brown and F.G. Bischoff and D.B. MacMillan and C.L. Ellis and J.T. Ward 
	and C.T. Ballinger and D.J. Kelly and L. Schindler},
title = {The Physical Models and Statistical Procedures Used in the RACER Monte Carlo Code},
year = {July 1999}
}

@online{mcu,
author={Alekseev, N.I. and Bikeev, A.S. and Bolshagin, S.N. and Bryzgalov, V.I. and Gomin, E.A. and 
	Gorodkov, S.S. and Gurevich, M.I. and Kalugin, M.A. and Kulakov, A.S. and Marin, S.V. and 
	Oleynik, D.S. and Prjanichnikov, A.V. and Sergeev, G.S. and Sukhino-Khomenko, E.A. and 
	Shkarovsky, D.A. and Yudkevich, M.S.},
title={The MCU-PD Code},
year={2009},
url={http://mcuproject.ru/eapd.html}
}

@article{vmont,
author = {Morimoto, Yuuichi and Maruyama, Hiromi and Ishii, Kazuya and Aoyama, Motoo},
journal = {Nuclear Science and Engineering},
pages = {351--358},
title = {Neutronic Analysis Code for Fuel Assembly Using a Vectorized Monte Carlo Method},
volume = {358},
year = {1989}
}

@article{moret,
title = {Capabilities overview of the MORET 5 Monte Carlo code},
journal = {Annals of Nuclear Energy},
year = {2014},
issn = {0306-4549},
doi = {http://dx.doi.org/10.1016/j.anucene.2014.08.022},
url = {http://www.sciencedirect.com/science/article/pii/S0306454914004071},
author = {B. Cochet and A. Jinaphanh and L. Heulers and O. Jacquet}
}

@article{mcbend,
author = {Richards, Simon D and Baker, Chris M J and Bird, Adam J and Cowan, Pat and Davies, Nigel and 
	Dobson, Geo P and Fry, Tim C and Smith, Paul N},
journal = {Joint International Conference on Supercomputing in Nuclear Applications and Monte Carlo 2013 
	(SNA + MC 2013)},
title = {MONK and MCBEND: Current Status and Recent Developments},
year = {2013}
}

@PhdThesis{serp_thesis,
  title={Development of a new Monte Carlo reactor physics code},
  author={Lepp{\"a}nen, Jaakko and others},
  year={2007},
  school={VTT Technical Research Centre of Finland}
}

@PhdThesis{warp_thesis,
title = {The Development of WARP - A Framework for Continuous Energy Monte Carlo Neutron Transport in General 3D Geometries on GPUs},
author = {Ryan Bergmann},
school = {University of California, Berkeley},
month = {May},
year = {2014}
}

@book{nea1995,
  title={International Handbook of Evaluated Criticality Safety Benchmark Experiments},
  author={NEA Nuclear Science Committee and others},
  year={1995},
  publisher={Nuclear Energy Agency, Organization for Economic Co-operation and Development}
}
